<?xml version="1.0" encoding="UTF-8"?><collection xmlns="http://www.loc.gov/MARC21/slim"><record><leader>00374nam--2200133-i-4500</leader><controlfield tag="001">000018111</controlfield><controlfield tag="002">20161230</controlfield><controlfield tag="005">20161230201032</controlfield><controlfield tag="008">060222s1000------------r-----000-0-eng-d</controlfield><datafield ind1=" " ind2=" " tag="080"><subfield code="a">518.5:681.14</subfield></datafield><datafield ind1=" " ind2=" " tag="100"><subfield code="a">Delone, B.N</subfield></datafield><datafield ind1=" " ind2=" " tag="245"><subfield code="a">Curs scurt de masini matematice. traducere din limba rusa</subfield></datafield><datafield ind1=" " ind2=" " tag="260"><subfield code="a">Bucuresti, Editura Tehnica, 1954. 121 P. Cu Fig. + Erata</subfield></datafield><datafield ind1=" " ind2=" " tag="852"><subfield code="a">3201</subfield></datafield></record></collection>